@article{saad2019pymaxent,
  title={PyMaxEnt: A Python software for maximum entropy moment reconstruction},
  author={Saad, Tony and Ruai, Giovanna},
  journal={SoftwareX},
  volume={10},
  pages={100353},
  year={2019},
  publisher={Elsevier}
}
@article{landgraf2008molecular,
  title={Molecular mechanism of an oncogenic mutation that alters membrane targeting: Glu17Lys modifies the PIP lipid specificity of the AKT1 PH domain},
  author={Landgraf, Kyle E and Pilling, Carissa and Falke, Joseph J},
  journal={Biochemistry},
  volume={47},
  number={47},
  pages={12260--12269},
  year={2008},
  publisher={ACS Publications}
}

@article{naughton2016association,
  title={Association of peripheral membrane proteins with membranes: free energy of binding of GRP1 PH domain with phosphatidylinositol phosphate-containing model bilayers},
  author={Naughton, Fiona B and Kalli, Antreas C and Sansom, Mark SP},
  journal={The journal of physical chemistry letters},
  volume={7},
  number={7},
  pages={1219--1224},
  year={2016},
  publisher={ACS Publications}
}
@article{jaynes1957information,
  title={Information theory and statistical mechanics},
  author={Jaynes, Edwin T},
  journal={Physical review},
  volume={106},
  number={4},
  pages={620},
  year={1957},
  publisher={APS}
}

@article{graber2018effect,
  title={Effect of H-bond donor lipids on phosphatidylinositol-3, 4, 5-trisphosphate ionization and clustering},
  author={Graber, Zachary T and Thomas, Joseph and Johnson, Emily and Gericke, Arne and Kooijman, Edgar E},
  journal={Biophysical Journal},
  volume={114},
  number={1},
  pages={126--136},
  year={2018},
  publisher={Elsevier}
}


